<record><leader>00000cas a22000007a 4500</leader><controlfield tag="001">10330993</controlfield><controlfield tag="008">840124d18721uuunjuwr ne      0    0eng d</controlfield><datafield ind1=" " ind2=" " tag="010"><subfield code="a">sn 84026197 </subfield></datafield><datafield ind1=" " ind2=" " tag="040"><subfield code="a">NPU</subfield><subfield code="b">eng</subfield><subfield code="c">NPU</subfield><subfield code="d">NPA</subfield><subfield code="d">NJW</subfield><subfield code="d">OCLCQ</subfield></datafield><datafield ind1=" " ind2=" " tag="042"><subfield code="a">msc</subfield></datafield><datafield ind1="0" ind2="4" tag="245"><subfield code="a">The Newark echo.</subfield></datafield><datafield ind1=" " ind2=" " tag="260"><subfield code="a">Newark, N.J. :</subfield><subfield code="b">Benj. F. Butts</subfield></datafield><datafield ind1=" " ind2=" " tag="300"><subfield code="a">v. ;</subfield><subfield code="c">62 cm.</subfield></datafield><datafield ind1=" " ind2=" " tag="310"><subfield code="a">Weekly</subfield></datafield><datafield ind1="1" ind2=" " tag="362"><subfield code="a">Began in 1872.</subfield><subfield code="z">Cf. Wright, W.C. and Stellhorn, P.A. Direct. of N.J. newspapers.</subfield></datafield><datafield ind1=" " ind2=" " tag="500"><subfield code="a">Published by Poole &amp; Smith, &lt;1878&gt;.</subfield></datafield><datafield ind1=" " ind2=" " tag="588"><subfield code="a">Description based on: Vol. 1, no. 4 (Dec. 14, 1872).</subfield></datafield><datafield ind1=" " ind2=" " tag="752"><subfield code="a">United States</subfield><subfield code="b">New Jersey</subfield><subfield code="c">Essex</subfield><subfield code="d">Newark.</subfield></datafield></record>